@article{825992010,
	author = {Intel},
	file = {::},
	journal = {October},
	title = {{Intel Â® 82599 10 GbE Controller Datasheet}},
	year = {2010}
}

@MastersThesis{MorenoTFM2012,
	author = {V. Moreno},
	title = {Development and evaluation of a low-cost scalable architecture for network traffic capture and storage for 10{Gbps} networks},
	school = {Escuela Politecnica Superior UAM},
	year = {2012},
	OPTaddress = {http://arantxa.ii.uam.es/~vmoreno/Publications/morenoTFM2012.pdf},
}

@article {m3omon,
author = {Moreno, V\'ictor and Santiago del R\'io, Pedro M. and Ramos, Javier and Muelas, David and Garc\'ia-Dorado, Jos\'e Luis and Gomez-Arribas, Francisco J. and Aracil, Javier},
title = {Multi-granular, multi-purpose and multi-{Gb}/s monitoring on off-the-shelf systems},
journal = {International Journal of Network Management},
volume = {24},
number = {4},
publisher = {John Wiley & Sons, Ltd},
issn = {1099-1190},
url = {http://dx.doi.org/10.1002/nem.1861},
doi = {10.1002/nem.1861},
pages = {221--234},
year = {2014},
}
a
